%YAML 1.1
%TAG !u! tag:unity3d.com,2011:
--- !u!1 &1274427601853263138
GameObject:
  m_ObjectHideFlags: 0
  m_CorrespondingSourceObject: {fileID: 0}
  m_PrefabInstance: {fileID: 0}
  m_PrefabAsset: {fileID: 0}
  serializedVersion: 6
  m_Component:
  - component: {fileID: 4153693577138552254}
  - component: {fileID: 2798598914564815020}
  - component: {fileID: 4622254775981906585}
  m_Layer: 0
  m_Name: Couch_Small
  m_TagString: Untagged
  m_Icon: {fileID: 0}
  m_NavMeshLayer: 0
  m_StaticEditorFlags: 0
  m_IsActive: 1
--- !u!4 &4153693577138552254
Transform:
  m_ObjectHideFlags: 0
  m_CorrespondingSourceObject: {fileID: 0}
  m_PrefabInstance: {fileID: 0}
  m_PrefabAsset: {fileID: 0}
  m_GameObject: {fileID: 1274427601853263138}
  m_LocalRotation: {x: 0, y: -1, z: 0, w: 0}
  m_LocalPosition: {x: 0, y: 0, z: 0}
  m_LocalScale: {x: 1, y: 1, z: 1}
  m_Children:
  - {fileID: 3961740628512113625}
  - {fileID: 3706792186374680536}
  - {fileID: 2737502614402819649}
  m_Father: {fileID: 0}
  m_RootOrder: 0
  m_LocalEulerAnglesHint: {x: 0, y: -180, z: 0}
--- !u!114 &2798598914564815020
MonoBehaviour:
  m_ObjectHideFlags: 0
  m_CorrespondingSourceObject: {fileID: 0}
  m_PrefabInstance: {fileID: 0}
  m_PrefabAsset: {fileID: 0}
  m_GameObject: {fileID: 1274427601853263138}
  m_Enabled: 1
  m_EditorHideFlags: 0
  m_Script: {fileID: 11500000, guid: ed6343c04cf97af438d32cf6c967615c, type: 3}
  m_Name: 
  m_EditorClassIdentifier: 
  SnapPoints: []
  Collider: {fileID: 1876347073072089602}
  MeshRenderer: {fileID: 3870488475932368174}
  TagToSnapTo: 3
  OpaqueMat: {fileID: 2100000, guid: 4dba0e91807ece2458f6e962a955c1f3, type: 2}
  TransparentMat: {fileID: 2100000, guid: 1a79535df13049b418163c0039eeecb2, type: 2}
  TransparentUnplaecableMat: {fileID: 2100000, guid: b780f9acc3db2e54aabe56422ff3d664,
    type: 2}
  CollisionCache: {fileID: 1701145470506264673}
  GhostModeEnabled: 0
  FlatSurfacePoints: {fileID: 3980284293639791244}
  FlatSurfaceLayerMask:
    serializedVersion: 2
    m_Bits: 16151
  maxSurfaceDifference: 0.2
  CanPlace: 0
  CanRotate: 1
  CanBePickedUp: 1
  SmokePositions:
  - {fileID: 8351202446852976376}
  - {fileID: 3946679041098863549}
  - {fileID: 997010381963587978}
  - {fileID: 410959208539391034}
  BuildSound: {fileID: 8300000, guid: 05e78997ccfe251418aee1545df1f147, type: 3}
  DustEffect: {fileID: 153256, guid: d3d939a4f4a9cbc4eb68c5d466e55ff0, type: 3}
  AudioSource: {fileID: 4622254775981906585}
  SnapedOnPoint: {fileID: 0}
  Prefab: {fileID: 0}
--- !u!82 &4622254775981906585
AudioSource:
  m_ObjectHideFlags: 0
  m_CorrespondingSourceObject: {fileID: 0}
  m_PrefabInstance: {fileID: 0}
  m_PrefabAsset: {fileID: 0}
  m_GameObject: {fileID: 1274427601853263138}
  m_Enabled: 1
  serializedVersion: 4
  OutputAudioMixerGroup: {fileID: 0}
  m_audioClip: {fileID: 0}
  m_PlayOnAwake: 0
  m_Volume: 0.54
  m_Pitch: 1
  Loop: 0
  Mute: 0
  Spatialize: 0
  SpatializePostEffects: 0
  Priority: 128
  DopplerLevel: 1
  MinDistance: 1
  MaxDistance: 30
  Pan2D: 0
  rolloffMode: 2
  BypassEffects: 0
  BypassListenerEffects: 0
  BypassReverbZones: 0
  rolloffCustomCurve:
    serializedVersion: 2
    m_Curve:
    - serializedVersion: 3
      time: 0.0112882
      value: 0.8584442
      inSlope: 0
      outSlope: 0
      tangentMode: 0
      weightedMode: 0
      inWeight: 0
      outWeight: 0
    - serializedVersion: 3
      time: 1
      value: 0
      inSlope: -1.0344827
      outSlope: -1.0344827
      tangentMode: 0
      weightedMode: 0
      inWeight: 0
      outWeight: 0
    m_PreInfinity: 2
    m_PostInfinity: 2
    m_RotationOrder: 4
  panLevelCustomCurve:
    serializedVersion: 2
    m_Curve:
    - serializedVersion: 3
      time: 0
      value: 1
      inSlope: 0
      outSlope: 0
      tangentMode: 0
      weightedMode: 0
      inWeight: 0.33333334
      outWeight: 0.33333334
    m_PreInfinity: 2
    m_PostInfinity: 2
    m_RotationOrder: 4
  spreadCustomCurve:
    serializedVersion: 2
    m_Curve:
    - serializedVersion: 3
      time: 0
      value: 0
      inSlope: 0
      outSlope: 0
      tangentMode: 0
      weightedMode: 0
      inWeight: 0.33333334
      outWeight: 0.33333334
    m_PreInfinity: 2
    m_PostInfinity: 2
    m_RotationOrder: 4
  reverbZoneMixCustomCurve:
    serializedVersion: 2
    m_Curve:
    - serializedVersion: 3
      time: 0
      value: 1
      inSlope: 0
      outSlope: 0
      tangentMode: 0
      weightedMode: 0
      inWeight: 0.33333334
      outWeight: 0.33333334
    m_PreInfinity: 2
    m_PostInfinity: 2
    m_RotationOrder: 4
--- !u!64 &1876347073072089602
MeshCollider:
  m_ObjectHideFlags: 0
  m_CorrespondingSourceObject: {fileID: 0}
  m_PrefabInstance: {fileID: 0}
  m_PrefabAsset: {fileID: 0}
  m_GameObject: {fileID: 3365948909814725883}
  m_Material: {fileID: 0}
  m_IsTrigger: 0
  m_Enabled: 1
  serializedVersion: 4
  m_Convex: 0
  m_CookingOptions: 30
  m_Mesh: {fileID: 4096457873065117245, guid: cf19af4e31f49b94b80ae49db769ee47, type: 3}
--- !u!114 &1701145470506264673
MonoBehaviour:
  m_ObjectHideFlags: 0
  m_CorrespondingSourceObject: {fileID: 0}
  m_PrefabInstance: {fileID: 0}
  m_PrefabAsset: {fileID: 0}
  m_GameObject: {fileID: 3365948909814725883}
  m_Enabled: 1
  m_EditorHideFlags: 0
  m_Script: {fileID: 11500000, guid: 0f6244f02902579469181d771c316c47, type: 3}
  m_Name: 
  m_EditorClassIdentifier: 
  GameObjectsToching: []
  IgnoreBaseBuildingCollisions: 0
--- !u!114 &6418075923826248969
MonoBehaviour:
  m_ObjectHideFlags: 0
  m_CorrespondingSourceObject: {fileID: 0}
  m_PrefabInstance: {fileID: 0}
  m_PrefabAsset: {fileID: 0}
  m_GameObject: {fileID: 3365948909814725883}
  m_Enabled: 1
  m_EditorHideFlags: 0
  m_Script: {fileID: 11500000, guid: 1f3faab5d2b281841ab892f4a508487e, type: 3}
  m_Name: 
  m_EditorClassIdentifier: 
  Placeable: {fileID: 2798598914564815020}
--- !u!1001 &2483499223783539114
PrefabInstance:
  m_ObjectHideFlags: 0
  serializedVersion: 2
  m_Modification:
    m_TransformParent: {fileID: 4153693577138552254}
    m_Modifications:
    - target: {fileID: -8679921383154817045, guid: cf19af4e31f49b94b80ae49db769ee47,
        type: 3}
      propertyPath: m_LocalPosition.x
      value: -0
      objectReference: {fileID: 0}
    - target: {fileID: -8679921383154817045, guid: cf19af4e31f49b94b80ae49db769ee47,
        type: 3}
      propertyPath: m_LocalPosition.y
      value: 0.026
      objectReference: {fileID: 0}
    - target: {fileID: -8679921383154817045, guid: cf19af4e31f49b94b80ae49db769ee47,
        type: 3}
      propertyPath: m_LocalPosition.z
      value: 0.41
      objectReference: {fileID: 0}
    - target: {fileID: -8679921383154817045, guid: cf19af4e31f49b94b80ae49db769ee47,
        type: 3}
      propertyPath: m_LocalRotation.x
      value: -0.7071068
      objectReference: {fileID: 0}
    - target: {fileID: -8679921383154817045, guid: cf19af4e31f49b94b80ae49db769ee47,
        type: 3}
      propertyPath: m_LocalRotation.y
      value: 0
      objectReference: {fileID: 0}
    - target: {fileID: -8679921383154817045, guid: cf19af4e31f49b94b80ae49db769ee47,
        type: 3}
      propertyPath: m_LocalRotation.z
      value: -0
      objectReference: {fileID: 0}
    - target: {fileID: -8679921383154817045, guid: cf19af4e31f49b94b80ae49db769ee47,
        type: 3}
      propertyPath: m_LocalRotation.w
      value: 0.7071067
      objectReference: {fileID: 0}
    - target: {fileID: -8679921383154817045, guid: cf19af4e31f49b94b80ae49db769ee47,
        type: 3}
      propertyPath: m_RootOrder
      value: 2
      objectReference: {fileID: 0}
    - target: {fileID: -8679921383154817045, guid: cf19af4e31f49b94b80ae49db769ee47,
        type: 3}
      propertyPath: m_LocalEulerAnglesHint.x
      value: 0
      objectReference: {fileID: 0}
    - target: {fileID: -8679921383154817045, guid: cf19af4e31f49b94b80ae49db769ee47,
        type: 3}
      propertyPath: m_LocalEulerAnglesHint.y
      value: 0
      objectReference: {fileID: 0}
    - target: {fileID: -8679921383154817045, guid: cf19af4e31f49b94b80ae49db769ee47,
        type: 3}
      propertyPath: m_LocalEulerAnglesHint.z
      value: 0
      objectReference: {fileID: 0}
    - target: {fileID: 919132149155446097, guid: cf19af4e31f49b94b80ae49db769ee47,
        type: 3}
      propertyPath: m_Name
      value: Couch_Small1
      objectReference: {fileID: 0}
    - target: {fileID: 919132149155446097, guid: cf19af4e31f49b94b80ae49db769ee47,
        type: 3}
      propertyPath: m_IsActive
      value: 1
      objectReference: {fileID: 0}
    m_RemovedComponents: []
  m_SourcePrefab: {fileID: 100100000, guid: cf19af4e31f49b94b80ae49db769ee47, type: 3}
--- !u!1 &3365948909814725883 stripped
GameObject:
  m_CorrespondingSourceObject: {fileID: 919132149155446097, guid: cf19af4e31f49b94b80ae49db769ee47,
    type: 3}
  m_PrefabInstance: {fileID: 2483499223783539114}
  m_PrefabAsset: {fileID: 0}
--- !u!4 &2737502614402819649 stripped
Transform:
  m_CorrespondingSourceObject: {fileID: -8679921383154817045, guid: cf19af4e31f49b94b80ae49db769ee47,
    type: 3}
  m_PrefabInstance: {fileID: 2483499223783539114}
  m_PrefabAsset: {fileID: 0}
--- !u!23 &3870488475932368174 stripped
MeshRenderer:
  m_CorrespondingSourceObject: {fileID: -7511558181221131132, guid: cf19af4e31f49b94b80ae49db769ee47,
    type: 3}
  m_PrefabInstance: {fileID: 2483499223783539114}
  m_PrefabAsset: {fileID: 0}
--- !u!1001 &6499785145868130157
PrefabInstance:
  m_ObjectHideFlags: 0
  serializedVersion: 2
  m_Modification:
    m_TransformParent: {fileID: 4153693577138552254}
    m_Modifications:
    - target: {fileID: 211657794642220844, guid: 323263517e871bf4eabc05d7eded625d,
        type: 3}
      propertyPath: m_LocalPosition.z
      value: 0.288
      objectReference: {fileID: 0}
    - target: {fileID: 211657794642220844, guid: 323263517e871bf4eabc05d7eded625d,
        type: 3}
      propertyPath: m_LocalPosition.x
      value: -0.225
      objectReference: {fileID: 0}
    - target: {fileID: 1494047901924861930, guid: 323263517e871bf4eabc05d7eded625d,
        type: 3}
      propertyPath: m_LocalPosition.z
      value: -0.634
      objectReference: {fileID: 0}
    - target: {fileID: 1494047901924861930, guid: 323263517e871bf4eabc05d7eded625d,
        type: 3}
      propertyPath: m_LocalPosition.x
      value: 0.21599999
      objectReference: {fileID: 0}
    - target: {fileID: 2071052406922118978, guid: 323263517e871bf4eabc05d7eded625d,
        type: 3}
      propertyPath: m_LocalPosition.z
      value: 0.288
      objectReference: {fileID: 0}
    - target: {fileID: 2071052406922118978, guid: 323263517e871bf4eabc05d7eded625d,
        type: 3}
      propertyPath: m_LocalPosition.x
      value: 0.216
      objectReference: {fileID: 0}
    - target: {fileID: 6803553183221479106, guid: 323263517e871bf4eabc05d7eded625d,
        type: 3}
      propertyPath: m_LocalPosition.z
      value: -0.6340002
      objectReference: {fileID: 0}
    - target: {fileID: 6803553183221479106, guid: 323263517e871bf4eabc05d7eded625d,
        type: 3}
      propertyPath: m_LocalPosition.x
      value: -0.22499996
      objectReference: {fileID: 0}
    - target: {fileID: 7584849013067413685, guid: 323263517e871bf4eabc05d7eded625d,
        type: 3}
      propertyPath: m_RootOrder
      value: 1
      objectReference: {fileID: 0}
    - target: {fileID: 7584849013067413685, guid: 323263517e871bf4eabc05d7eded625d,
        type: 3}
      propertyPath: m_LocalScale.x
      value: 5.355378
      objectReference: {fileID: 0}
    - target: {fileID: 7584849013067413685, guid: 323263517e871bf4eabc05d7eded625d,
        type: 3}
      propertyPath: m_LocalScale.y
      value: 1.5522834
      objectReference: {fileID: 0}
    - target: {fileID: 7584849013067413685, guid: 323263517e871bf4eabc05d7eded625d,
        type: 3}
      propertyPath: m_LocalScale.z
      value: 1.9209508
      objectReference: {fileID: 0}
    - target: {fileID: 7584849013067413685, guid: 323263517e871bf4eabc05d7eded625d,
        type: 3}
      propertyPath: m_LocalPosition.x
      value: 0.01
      objectReference: {fileID: 0}
    - target: {fileID: 7584849013067413685, guid: 323263517e871bf4eabc05d7eded625d,
        type: 3}
      propertyPath: m_LocalPosition.y
      value: 0.04
      objectReference: {fileID: 0}
    - target: {fileID: 7584849013067413685, guid: 323263517e871bf4eabc05d7eded625d,
        type: 3}
      propertyPath: m_LocalPosition.z
      value: 0.72
      objectReference: {fileID: 0}
    - target: {fileID: 7584849013067413685, guid: 323263517e871bf4eabc05d7eded625d,
        type: 3}
      propertyPath: m_LocalRotation.w
      value: 1
      objectReference: {fileID: 0}
    - target: {fileID: 7584849013067413685, guid: 323263517e871bf4eabc05d7eded625d,
        type: 3}
      propertyPath: m_LocalRotation.x
      value: -0
      objectReference: {fileID: 0}
    - target: {fileID: 7584849013067413685, guid: 323263517e871bf4eabc05d7eded625d,
        type: 3}
      propertyPath: m_LocalRotation.y
      value: -0
      objectReference: {fileID: 0}
    - target: {fileID: 7584849013067413685, guid: 323263517e871bf4eabc05d7eded625d,
        type: 3}
      propertyPath: m_LocalRotation.z
      value: -0
      objectReference: {fileID: 0}
    - target: {fileID: 7584849013067413685, guid: 323263517e871bf4eabc05d7eded625d,
        type: 3}
      propertyPath: m_LocalEulerAnglesHint.x
      value: 0
      objectReference: {fileID: 0}
    - target: {fileID: 7584849013067413685, guid: 323263517e871bf4eabc05d7eded625d,
        type: 3}
      propertyPath: m_LocalEulerAnglesHint.y
      value: 0
      objectReference: {fileID: 0}
    - target: {fileID: 7584849013067413685, guid: 323263517e871bf4eabc05d7eded625d,
        type: 3}
      propertyPath: m_LocalEulerAnglesHint.z
      value: 0
      objectReference: {fileID: 0}
    - target: {fileID: 8767741391201204569, guid: 323263517e871bf4eabc05d7eded625d,
        type: 3}
      propertyPath: m_Name
      value: DustPoints
      objectReference: {fileID: 0}
    m_RemovedComponents: []
  m_SourcePrefab: {fileID: 100100000, guid: 323263517e871bf4eabc05d7eded625d, type: 3}
--- !u!4 &3706792186374680536 stripped
Transform:
  m_CorrespondingSourceObject: {fileID: 7584849013067413685, guid: 323263517e871bf4eabc05d7eded625d,
    type: 3}
  m_PrefabInstance: {fileID: 6499785145868130157}
  m_PrefabAsset: {fileID: 0}
--- !u!1 &8351202446852976376 stripped
GameObject:
  m_CorrespondingSourceObject: {fileID: 3014753439988054421, guid: 323263517e871bf4eabc05d7eded625d,
    type: 3}
  m_PrefabInstance: {fileID: 6499785145868130157}
  m_PrefabAsset: {fileID: 0}
--- !u!1 &3946679041098863549 stripped
GameObject:
  m_CorrespondingSourceObject: {fileID: 7851616427084203216, guid: 323263517e871bf4eabc05d7eded625d,
    type: 3}
  m_PrefabInstance: {fileID: 6499785145868130157}
  m_PrefabAsset: {fileID: 0}
--- !u!1 &997010381963587978 stripped
GameObject:
  m_CorrespondingSourceObject: {fileID: 6333740648436623079, guid: 323263517e871bf4eabc05d7eded625d,
    type: 3}
  m_PrefabInstance: {fileID: 6499785145868130157}
  m_PrefabAsset: {fileID: 0}
--- !u!1 &410959208539391034 stripped
GameObject:
  m_CorrespondingSourceObject: {fileID: 6883722472839844695, guid: 323263517e871bf4eabc05d7eded625d,
    type: 3}
  m_PrefabInstance: {fileID: 6499785145868130157}
  m_PrefabAsset: {fileID: 0}
--- !u!1001 &8373208043254223807
PrefabInstance:
  m_ObjectHideFlags: 0
  serializedVersion: 2
  m_Modification:
    m_TransformParent: {fileID: 4153693577138552254}
    m_Modifications:
    - target: {fileID: 402086976891529393, guid: 6e66dfe01efc2dc4fa4b64c72e70d453,
        type: 3}
      propertyPath: m_LocalPosition.x
      value: -1.15
      objectReference: {fileID: 0}
    - target: {fileID: 402086976891529393, guid: 6e66dfe01efc2dc4fa4b64c72e70d453,
        type: 3}
      propertyPath: m_LocalPosition.z
      value: -0.84
      objectReference: {fileID: 0}
    - target: {fileID: 1106849878383691348, guid: 6e66dfe01efc2dc4fa4b64c72e70d453,
        type: 3}
      propertyPath: m_Name
      value: FlatSurfacePoints
      objectReference: {fileID: 0}
    - target: {fileID: 2792187660386322785, guid: 6e66dfe01efc2dc4fa4b64c72e70d453,
        type: 3}
      propertyPath: m_LocalPosition.x
      value: 0.04
      objectReference: {fileID: 0}
    - target: {fileID: 2792187660386322785, guid: 6e66dfe01efc2dc4fa4b64c72e70d453,
        type: 3}
      propertyPath: m_LocalPosition.z
      value: 0.35
      objectReference: {fileID: 0}
    - target: {fileID: 4290136618064284857, guid: 6e66dfe01efc2dc4fa4b64c72e70d453,
        type: 3}
      propertyPath: m_LocalPosition.x
      value: -1.13
      objectReference: {fileID: 0}
    - target: {fileID: 4290136618064284857, guid: 6e66dfe01efc2dc4fa4b64c72e70d453,
        type: 3}
      propertyPath: m_LocalPosition.z
      value: 0.82000005
      objectReference: {fileID: 0}
    - target: {fileID: 4812503324717617254, guid: 6e66dfe01efc2dc4fa4b64c72e70d453,
        type: 3}
      propertyPath: m_RootOrder
      value: 0
      objectReference: {fileID: 0}
    - target: {fileID: 4812503324717617254, guid: 6e66dfe01efc2dc4fa4b64c72e70d453,
        type: 3}
      propertyPath: m_LocalPosition.x
      value: 0
      objectReference: {fileID: 0}
    - target: {fileID: 4812503324717617254, guid: 6e66dfe01efc2dc4fa4b64c72e70d453,
        type: 3}
      propertyPath: m_LocalPosition.y
      value: 0.16
      objectReference: {fileID: 0}
    - target: {fileID: 4812503324717617254, guid: 6e66dfe01efc2dc4fa4b64c72e70d453,
        type: 3}
      propertyPath: m_LocalPosition.z
      value: 0.41
      objectReference: {fileID: 0}
    - target: {fileID: 4812503324717617254, guid: 6e66dfe01efc2dc4fa4b64c72e70d453,
        type: 3}
      propertyPath: m_LocalRotation.w
      value: 1
      objectReference: {fileID: 0}
    - target: {fileID: 4812503324717617254, guid: 6e66dfe01efc2dc4fa4b64c72e70d453,
        type: 3}
      propertyPath: m_LocalRotation.x
      value: 0
      objectReference: {fileID: 0}
    - target: {fileID: 4812503324717617254, guid: 6e66dfe01efc2dc4fa4b64c72e70d453,
        type: 3}
      propertyPath: m_LocalRotation.y
      value: 0
      objectReference: {fileID: 0}
    - target: {fileID: 4812503324717617254, guid: 6e66dfe01efc2dc4fa4b64c72e70d453,
        type: 3}
      propertyPath: m_LocalRotation.z
      value: 0
      objectReference: {fileID: 0}
    - target: {fileID: 4812503324717617254, guid: 6e66dfe01efc2dc4fa4b64c72e70d453,
        type: 3}
      propertyPath: m_LocalEulerAnglesHint.x
      value: 0
      objectReference: {fileID: 0}
    - target: {fileID: 4812503324717617254, guid: 6e66dfe01efc2dc4fa4b64c72e70d453,
        type: 3}
      propertyPath: m_LocalEulerAnglesHint.y
      value: 0
      objectReference: {fileID: 0}
    - target: {fileID: 4812503324717617254, guid: 6e66dfe01efc2dc4fa4b64c72e70d453,
        type: 3}
      propertyPath: m_LocalEulerAnglesHint.z
      value: 0
      objectReference: {fileID: 0}
    - target: {fileID: 5000612631660440903, guid: 6e66dfe01efc2dc4fa4b64c72e70d453,
        type: 3}
      propertyPath: m_LocalPosition.x
      value: 1.18
      objectReference: {fileID: 0}
    - target: {fileID: 5000612631660440903, guid: 6e66dfe01efc2dc4fa4b64c72e70d453,
        type: 3}
      propertyPath: m_LocalPosition.z
      value: -0.86
      objectReference: {fileID: 0}
    - target: {fileID: 5579025556888458955, guid: 6e66dfe01efc2dc4fa4b64c72e70d453,
        type: 3}
      propertyPath: m_LocalPosition.x
      value: 1.14
      objectReference: {fileID: 0}
    - target: {fileID: 5579025556888458955, guid: 6e66dfe01efc2dc4fa4b64c72e70d453,
        type: 3}
      propertyPath: m_LocalPosition.z
      value: 0.87
      objectReference: {fileID: 0}
    m_RemovedComponents: []
  m_SourcePrefab: {fileID: 100100000, guid: 6e66dfe01efc2dc4fa4b64c72e70d453, type: 3}
--- !u!4 &3961740628512113625 stripped
Transform:
  m_CorrespondingSourceObject: {fileID: 4812503324717617254, guid: 6e66dfe01efc2dc4fa4b64c72e70d453,
    type: 3}
  m_PrefabInstance: {fileID: 8373208043254223807}
  m_PrefabAsset: {fileID: 0}
--- !u!114 &3980284293639791244 stripped
MonoBehaviour:
  m_CorrespondingSourceObject: {fileID: 4832172322832773427, guid: 6e66dfe01efc2dc4fa4b64c72e70d453,
    type: 3}
  m_PrefabInstance: {fileID: 8373208043254223807}
  m_PrefabAsset: {fileID: 0}
  m_GameObject: {fileID: 0}
  m_Enabled: 1
  m_EditorHideFlags: 0
  m_Script: {fileID: 11500000, guid: ea8277cb792d4df499f67c692710dea6, type: 3}
  m_Name: 
  m_EditorClassIdentifier: 
